@online{webSimplex,
	title="Maximization By The Simplex Method",
	author="Rupinder Sekhon and Roberta Bloom",
	organization="LibreTexts",
	date="2024-12-28",
url="https://math.libretexts.org/Bookshelves/Applied_Mathematics/Applied_Finite_Mathematics_(Sekhon_and_Bloom)/04%3A_Linear_Programming_The_Simplex_Method/4.02%3A_Maximization_By_The_Simplex_Method"
}

@online{youtubeSimplex,
        title="Simplex method - Big M - Example 1",
        date = {2014-09-02},
        organization = {maxus knowledge},
        url = {https://www.youtube.com/watch?v=UaELzREcX0Q},
    }
